@article{vgg_19,
  author    = {Karen Simonyan and
               Andrew Zisserman},
  title     = {Very Deep Convolutional Networks for Large-Scale Image Recognition},
  journal   = {CoRR},
  volume    = {abs/1409.1556},
  year      = {2014},
  url       = {http://arxiv.org/abs/1409.1556},
  archivePrefix = {arXiv},
  eprint    = {1409.1556},
  timestamp = {Mon, 13 Aug 2018 16:46:51 +0200},
  biburl    = {https://dblp.org/rec/bib/journals/corr/SimonyanZ14a},
  bibsource = {dblp computer science bibliography, https://dblp.org}
}

@misc{keras_tokenizer,
  title = {{Keras Tokenizer API: Text Processing}},
  howpublished = "\url{https://keras.io/preprocessing/text/}",
  year = {2019}
}

@article{bow,
author = {Zhang, Yin and Jin, Rong and Zhou, Zhi-Hua},
year = {2010},
url = {http://citeseerx.ist.psu.edu/viewdoc/download?doi=10.1.1.453.5924&rep=rep1&type=pdf},
month = {12},
pages = {43-52},
title = {Understanding bag-of-words model: A statistical framework},
volume = {1},
journal = {International Journal of Machine Learning and Cybernetics},
doi = {10.1007/s13042-010-0001-0}
}

@misc{bow_example,
  title = {{A Gentle Introduction to the Bag-of-Words Model}},
  howpublished = "\url{https://machinelearningmastery.com/gentle-introduction-bag-words-model/}"
}

@article{1905.03288,
Author = {Farhana Sultana and A. Sufian and Paramartha Dutta},
Title = {Advancements in Image Classification using Convolutional Neural Network},
url = {https://arxiv.org/abs/1905.03288},
Year = {2019},
Eprint = {arXiv:1905.03288},
Howpublished = {2018 Fourth International Conference on Research in Computational
  Intelligence and Communication Networks (ICRCICN)},
Doi = {10.1109/ICRCICN.2018.8718718},
}

@misc{url1,
  title = {{Convolutional neural network}},
  howpublished = "\url{https://en.wikipedia.org/wiki/Convolutional_neural_network}",
  year = {2019}
}

@misc{1708.03273,
Author = {Chris Tensmeyer and Tony Martinez},
Title = {Analysis of Convolutional Neural Networks for Document Image Classification},
Year = {2017},
url = {https://arxiv.org/abs/1708.03273},
Eprint = {arXiv:1708.03273},
}

@article{Krizhevsky,
 author = {Krizhevsky, Alex and Sutskever, Ilya and Hinton, Geoffrey E.},
 title = {ImageNet Classification with Deep Convolutional Neural Networks},
 journal = {Commun. ACM},
 issue_date = {June 2017},
 volume = {60},
 number = {6},
 month = may,
 year = {2017},
 issn = {0001-0782},
 pages = {84--90},
 numpages = {7},
 url = {http://doi.acm.org/10.1145/3065386},
 doi = {10.1145/3065386},
 acmid = {3065386},
 publisher = {ACM},
 address = {New York, NY, USA},
} 

@article{ILSVRC15,
Author = {Olga Russakovsky and Jia Deng and Hao Su and Jonathan Krause and Sanjeev Satheesh and Sean Ma and Zhiheng Huang and Andrej Karpathy and Aditya Khosla and Michael Bernstein and Alexander C. Berg and Li Fei-Fei},
Title = {{ImageNet Large Scale Visual Recognition Challenge}},
Year = {2015},
journal   = {International Journal of Computer Vision (IJCV)},
doi = {10.1007/s11263-015-0816-y},
volume={115},
number={3},
pages={211-252}
}

@article{transfer_learning_1,
  author    = {Mi{-}Young Huh and
               Pulkit Agrawal and
               Alexei A. Efros},
  title     = {What makes ImageNet good for transfer learning?},
  journal   = {CoRR},
  volume    = {abs/1608.08614},
  year      = {2016},
  url       = {http://arxiv.org/abs/1608.08614},
  archivePrefix = {arXiv},
  eprint    = {1608.08614},
  timestamp = {Mon, 13 Aug 2018 16:46:41 +0200},
  biburl    = {https://dblp.org/rec/bib/journals/corr/HuhAE16},
  bibsource = {dblp computer science bibliography, https://dblp.org}
}

@book{deep_learning,
 author = {Goodfellow, Ian and Bengio, Yoshua and Courville, Aaron},
 title = {Deep Learning},
 year = {2016},
 isbn = {0262035618, 9780262035613},
 publisher = {The MIT Press},
}

@misc{ann,
Author = {B. Mehlig},
Title = {Artificial Neural Networks},
url       = {https://arxiv.org/abs/1901.05639},
Year = {2019},
Eprint = {arXiv:1901.05639},
}

@misc{svm,
  title = {{Support Vector Machines: Scikit Learn}},
  howpublished = "\url{https://scikit-learn.org/stable/modules/svm.html}",
  year = {2019}
}

@misc{nbc,
  title = {{Naive Bayes: Scikit Learn}},
  howpublished = "\url{https://scikit-learn.org/stable/modules/naive_bayes.html}",
  year = {2019}
}

@misc{rw1,
  title = {{Mowafy M, Rezk A, El-bakry HM (2018) An Efficient Classification Model for Unstructured Text Document. Am J Compt Sci Inform Technol Vol.6 No.1:16. doi: 10.21767/2349-3917.100016}},
  howpublished = "\url{http://www.imedpub.com/articles/an-efficient-classification-model-for-unstructured-text-document.php?aid=22212}",
  year = {2018}
}

@misc{tfidf,
  title = {{ Term frequency-inverse document frequency: Introduction}},
  howpublished = "\url{http://www.tfidf.com/}"
}

@misc{mn_nbc,
  title = {{Multinomial Naive Bayes: Scikit Learn}},
  howpublished = "\url{https://scikit-learn.org/stable/modules/generated/sklearn.naive_bayes.MultinomialNB.html}",
  year = {2019}
}

@misc{knn,
  title = {{k-nearest neighbors algorithm - Brief introduction }},
  howpublished = "\url{https://en.wikipedia.org/wiki/K-nearest_neighbors_algorithm}"
}

@misc{chi2,
  title = {{chi2 - Feature Selection by Scikit Learn}},
  howpublished = "\url{https://scikit-learn.org/stable/modules/generated/sklearn.feature_selection.chi2.html}"
}

@misc{20_news_grp_data,
  title = {{The 20 Newsgroups data set}},
  howpublished = "\url{http://qwone.com/~jason/20Newsgroups/}"
}

@inproceedings{Noce2016DocumentIC,
  title={Document image classification combining textual and visual features.},
  author={Lucia Noce},
  year={2016}
}

@misc{ocr,
  title = {{Optical Character Recognition - OCR}},
  howpublished = "\url{https://en.wikipedia.org/wiki/Optical_character_recognition}"
}

@article{Krizhevsky:2017:ICD:3098997.3065386,
 author = {Krizhevsky, Alex and Sutskever, Ilya and Hinton, Geoffrey E.},
 title = {ImageNet Classification with Deep Convolutional Neural Networks},
 journal = {Commun. ACM},
 issue_date = {June 2017},
 volume = {60},
 number = {6},
 month = may,
 year = {2017},
 issn = {0001-0782},
 pages = {84--90},
 numpages = {7},
 url = {http://doi.acm.org/10.1145/3065386},
 doi = {10.1145/3065386},
 acmid = {3065386},
 publisher = {ACM},
 address = {New York, NY, USA},
} 

@misc{ml_def,
  title = {{Machine Learning - Definitions}},
  howpublished = "\url{https://emerj.com/ai-glossary-terms/what-is-machine-learning/}"
}

@misc{ml_history1,
  title = {{The history of machine learning}},
  howpublished = "\url{https://www.bbc.com/timelines/zypd97h}"
}

@misc{ml_history2,
  title = {{A Short History of Machine Learning -- Every Manager Should Read}},
  howpublished = "\url{https://www.forbes.com/sites/bernardmarr/2016/02/19/a-short-history-of-machine-learning-every-manager-should-read/#2298cbc015e7}"
}

@misc{ml_history3,
  title = {{Brief History of machine learning}},
  howpublished = "\url{https://www.doc.ic.ac.uk/~jce317/history-machine-learning.html}"
}

@misc{1803.01164,
Author = {Md Zahangir Alom and Tarek M. Taha and Christopher Yakopcic and Stefan Westberg and Paheding Sidike and Mst Shamima Nasrin and Brian C Van Esesn and Abdul A S. Awwal and Vijayan K. Asari},
Title = {The History Began from AlexNet: A Comprehensive Survey on Deep Learning Approaches},
url = {https://arxiv.org/abs/1803.01164},
Year = {2018},
Eprint = {arXiv:1803.01164},
}

@misc{1512.03385,
Author = {Kaiming He and Xiangyu Zhang and Shaoqing Ren and Jian Sun},
Title = {Deep Residual Learning for Image Recognition},
url = {https://arxiv.org/abs/1512.03385},
Year = {2015},
Eprint = {arXiv:1512.03385},
}

@misc{ai,
  title = {{Artificial intelligence}},
  howpublished = "\url{https://en.wikipedia.org/wiki/Artificial_intelligence}"
}

@misc{ml-pipeline,
  title = {{Machine Learning Pipeline}},
  howpublished = "\url{https://medium.com/datadriveninvestor/my-machine-learning-workflow-7576f7dbcef3}"
}

@misc{gd,
  title = {{Gradient Descent For Machine Learning}},
  howpublished = "\url{https://machinelearningmastery.com/gradient-descent-for-machine-learning/}"
}

@misc{sup_unsup_learning,
  title = {{Machine learning explained: Understanding supervised, unsupervised, and reinforcement learning}},
  howpublished = "\url{https://bit.ly/2ksRQo8}"
}

@misc{rei_learning,
  title = {{What is reinforcement learning - Example and Explanation}},
  howpublished = "\url{https://www.quora.com/What-is-reinforcement-learning}"
}

@misc{ann_def,
  title = {{Artificial Neural Networks Explained}},
  howpublished = "\url{https://blog.goodaudience.com/artificial-neural-networks-explained-436fcf36e75}"
}

@misc{ann_arch,
  title = {{CS231n Convolutional Neural Networks for Visual Recognition}},
  howpublished = "\url{http://cs231n.github.io/neural-networks-1/}"
}

@misc{art_neuron,
  title = {{Artificial Neuron}},
  howpublished = "\url{https://en.wikipedia.org/wiki/Artificial_neuron}"
}

@misc{intro_to_nn,
  title = {{A Quick Introduction to Neural Networks}},
  howpublished = "\url{https://ujjwalkarn.me/2016/08/09/quick-intro-neural-networks/}"
}

@misc{hidden_layer,
  title = {{Hidden Layer in Neural Networks - Example and Explanation}},
  howpublished = "\url{https://www.quora.com/What-is-the-role-of-a-hidden-layer}"
}

@misc{arch_cnn,
  title = {{Convolutional Neural Networks, Explained}},
  howpublished = "\url{https://www.datascience.com/blog/convolutional-neural-network}"
}

@misc{activation_func,
  title = {{Activation functions and its types}},
  howpublished = "\url{https://towardsdatascience.com/activation-functions-and-its-types-which-is-better-a9a5310cc8f}"
}

@misc{imgnet,
  title = {{ImageNet - An open source image database}},
  howpublished = "\url{http://www.image-net.org/}"
}

@misc{mnist,
  title = {{THE MNIST DATABASE of handwritten digits}},
  howpublished = "\url{http://yann.lecun.com/exdb/mnist/}"
}

@misc{kaggle_dataset,
  title = {{Kaggle Datasets - An open source database}},
  howpublished = "\url{https://www.kaggle.com/datasets/}"
}

@misc{hummus_recipe,
  title = {{Hummus Recipe - A node.js package to manipulate pdfs}},
  howpublished = "\url{https://www.npmjs.com/package/hummus-recipe}"
}

@misc{pdf_poppler,
  title = {{pdf-poppler - A node.js package to convert pdf into images}},
  howpublished = "\url{https://www.npmjs.com/package/pdf-poppler}"
}

@misc{keras,
  title = {{Keras: The Python Deep Learning library}},
  howpublished = "\url{https://keras.io/}",
  year = {2019}
}
@misc{keras_ip,
  title = {{Keras - Image Preprocessing}},
  howpublished = "\url{https://keras.io/preprocessing/image/}",
  year = {2019}
}

@misc{tika,
  title = {{tika-python - A Python port of the Apache Tika library}},
  howpublished = "\url{https://github.com/chrismattmann/tika-python}"
}

@misc{pytesseract,
  title = {{Python Tesseract - A wrapper for Google's Tesseract-OCR Engine}},
  howpublished = "\url{https://github.com/madmaze/pytesseract/}",
  year = {2019}
}

@misc{tokenizer,
  title = {{Tokenizer - Text tokenization utility class of Keras.}},
  howpublished = "\url{https://keras.io/preprocessing/text/#tokenizer}",
  year = {2019}
}

@misc{seq_api,
  title = {{Keras Sequential - Sequential model API}},
  howpublished = "\url{https://keras.io/models/sequential/}",
  year = {2019}
}

@misc{tl_accuracy,
  title = {{TensorFlow-Slim image classification model library}},
  howpublished = "\url{https://github.com/tensorflow/models/tree/master/research/slim}",
  year = {2019}
}

@article{inception_v3,
  author    = {Christian Szegedy and
               Vincent Vanhoucke and
               Sergey Ioffe and
               Jonathon Shlens and
               Zbigniew Wojna},
  title     = {Rethinking the Inception Architecture for Computer Vision},
  journal   = {CoRR},
  volume    = {abs/1512.00567},
  year      = {2015},
  url       = {http://arxiv.org/abs/1512.00567},
  archivePrefix = {arXiv},
  eprint    = {1512.00567},
  timestamp = {Mon, 13 Aug 2018 16:49:07 +0200},
  biburl    = {https://dblp.org/rec/bib/journals/corr/SzegedyVISW15},
  bibsource = {dblp computer science bibliography, https://dblp.org}
}

@misc{vgg19_architecture,
  title = {{CNN Architectures}},
  howpublished = "\url{http://cs231n.stanford.edu/slides/2017/cs231n_2017_lecture9.pdf}",
  year = {2019}
}

@misc{conf_matrix,
  title = {{What is Confusion Matrix - Brief Explanation}},
  howpublished = "\url{https://medium.com/@awabmohammedomer/confusion-matrix-b504b8f8e1d1}",
  year = {2019}
}